3054 4886
779 353 813 410 12

346 527 562 594 Membranam
584 527 666 593 hano
697 529 761 594 iam
783 549 867 594 nono
895 532 1022 595 saeculo
1050 539 1216 598 exaratam
1239 531 1339 599 fuisse

247 645 331 703 reete
350 641 430 704 Beer
452 639 611 712 definivit3
634 659 708 702 nam
725 639 936 704 Pithoeanum
956 647 1021 705 tum
1040 663 1103 707 non
1127 629 1256 708 manum
1272 664 1337 708 eor-

247 751 389 828 1001050,
424 749 457 812 id
489 749 575 831 quod
605 769 688 815 eaeo.
722 749 763 813 X.
795 749 914 814 factum
949 759 1006 832 est,
1040 759 1207 834 expertum
1240 754 1339 819 fuisse

248 856 482 922 demonstratur
511 858 714 938 lectionibus,
752 857 865 940 quibus
900 859 1051 924 differunt
1084 861 1158 925 libri
1193 883 1212 924 a
1245 884 1340 927 manu

247 968 348 1030 altera
371 968 458 1032 illius
482 974 515 1031 ut
539 968 562 1046 1,
586 969 644 1031 156
666 973 790 1049 pottara
812 990 883 1052 p-
899 975 1025 1049 pectore
1040 970 1136 1043 ΡΑΜ,
1160 970 1200 1052 11,
1216 974 1255 1035 31
1278 973 1342 1052 ipsi
1412 988 1415 994 ·

249 1096 326 1158 p—-
340 1077 419 1156 ipsis
440 1075 504 1154 ΡΟ,
526 1076 584 1153 III,
601 1079 641 1140 80
663 1077 782 1142 achivis
805 1098 881 1160 p—
897 1077 1018 1143 atbeais
1039 1077 1102 1158 ΡΟ,
1125 1079 1177 1158 VI,
1195 1082 1235 1143 52
1258 1086 1342 1144 neate

248 1205 324 1267 p-
340 1185 429 1248 teade
451 1184 513 1259 ΡΟ,
537 1186 597 1248 521
621 1186 783 1267 calidaque
813 1208 887 1269 p-
903 1186 1081 1269 calidusque
1102 1187 1165 1270 ΡΟ,
1190 1188 1258 1266 VII,
1282 1190 1340 1252 105

247 1299 291 1356 est
313 1314 386 1376 p-
406 1315 467 1358 om.
490 1294 552 1372 ΡΟ,
576 1295 645 1370 XV,
671 1296 712 1358 44
734 1295 857 1358 torridi
879 1317 899 1377 p
919 1332 953 1339 -
972 1296 1102 1361 barrida
1123 1297 1187 1377 Pb,
1210 1304 1269 1362 eto.

348 1403 519 1468 Praeterea
539 1403 743 1467 inveniuntur·
766 1406 938 1469 nonnullae
955 1405 1117 1470 Iuvenalis
1140 1405 1342 1470 membranae

249 1512 363 1577 elassis
387 1521 554 1596 eorruptae
580 1532 662 1577 seeo.
686 1513 734 1575 IX
758 1513 940 1595 scriptaell.

348 1623 406 1686 Ille
428 1622 525 1704 igitur·
542 1622 632 1698 liber,
657 1623 710 1703 qui
734 1642 774 1686 ex
797 1623 866 1704 ipso
882 1621 1058 1686 Pithoeano
1081 1621 1261 1705 descriptus
1285 1631 1344 1705 est,

250 1734 353 1815 primo
386 1752 495 1796 veram
527 1723 696 1796 Pitb‘oeani
730 1731 904 1814 imaginem
935 1731 1074 1813 effinxit,
1109 1733 1203 1816 paulo
1237 1738 1344 1796 antem

250 1849 323 1925 post
339 1842 490 1905 lectiones
506 1842 637 1905 alterius
655 1842 768 1905 elassis
791 1841 937 1905 inveatae
954 1848 1028 1905 sunt
1050 1843 1164 1925 partim
1190 1842 1220 1904 in
1239 1841 1342 1924 ipsum

250 1958 372 2016 textum
403 1970 496 2014 erasa
528 1951 669 2032 genuina
698 1950 857 2032 scriptura
879 1949 995 2033 partim
1029 1951 1266 2032 superscriptae
1297 1950 1345 2012 in·

251 2063 345 2127 duoto
374 2067 497 2125 tantum
527 2060 624 2125 verbo
652 2059 841 2142 german02).
886 2061 1064 2142 Sequentes
1088 2067 1194 2124 autem
1220 2059 1346 2124 scribae

253 2171 309 2235 hae
333 2171 488 2235 lectiones
511 2177 605 2252 prout
632 2169 746 2250 auique
769 2169 956 2234 arridebant
977 2176 1033 2233 aut
1054 2170 1162 2232 oeulos
1185 2166 1345 2244 tenebant,

253 2282 324 2363 plus
349 2281 453 2345 minus
476 2283 507 2344 in
531 2285 653 2344 tentum
670 2275 873 2362 receperunt.

350 2390 443 2453 Nono
477 2408 553 2471 ergo
587 2389 715 2454 saeculo
749 2389 939 2452 exstiterunt
971 2389 1117 2470 exempla
1150 2373 1346 2450 recensionis

254 2517 454 2524 ——.—--—-

356 2583 382 2651 1)
401 2583 451 2637 afr.
471 2583 541 2636 Beer
560 2583 577 2636 l.
597 2583 615 2636 l.
635 2600 681 2653 pg.
701 2583 744 2636 49.

254 2679 353 2734 Eidem
381 2681 489 2734 saeculo
519 2679 650 2732 attribuit
678 2679 722 2732 W.
745 2680 874 2732 Foerster
903 2677 1043 2747 (Zeiteabr.
1073 2676 1095 2743 s.
1123 2681 1217 2730 batert.
1249 2673 1348 2742 Gyara.

256 2777 390 2845 XXVII,
409 2781 480 2831 1876
497 2793 544 2846 pp.
563 2781 618 2831 258
636 2777 703 2846 sqq.)
721 2781 830 2844 partem
849 2777 952 2830 codicis
973 2775 1059 2828 Paris.
1079 2775 1157 2835 1906,
1182 2790 1252 2839 quae
1271 2771 1349 2825 Iuve-

254 2874 344 2926 nalem
365 2877 480 2941 spectat,
501 2873 594 2940 ibique
613 2873 717 2941 publici
737 2873 804 2926 iuris
824 2873 895 2926 feeit.
932 2872 1027 2923 Etiam
1046 2869 1091 2923 hie
1109 2869 1181 2923 liber
1200 2868 1348 2937 permultis

254 2971 322 3024 loeis
341 2988 403 3023 cum
422 2969 443 3021 P
463 2971 612 3038 conspirat,
632 2975 663 3023 ut
682 2970 728 3035 lv,
749 2971 789 3036 13,
809 2970 851 3029 35,
873 2969 932 3028 121,
952 2967 984 3027 V.
1006 2968 1048 3034 10,
1067 2966 1114 3035 VI,
1133 2967 1193 3028 109,
1214 2967 1274 3032 131,
1288 2965 1349 3032 419,

255 3066 317 3132 490,
336 3065 396 3132 553,
415 3064 475 3131 Vll,
494 3066 536 3131 25,
557 3065 616 3132 123,
636 3065 695 3124 139,
717 3065 766 3117 151
786 3062 902 3132 (beliat),
922 3063 982 3130 214,
1001 3062 1075 3123 11111,
1096 3063 1111 3116 1
1131 3080 1184 3116 non
1205 3079 1267 3123 om,
1288 3061 1323 3112 al.

355 3162 415 3214 Hae
438 3163 497 3229 ipso
523 3163 632 3215 saeculo
660 3161 801 3230 exemplar
829 3165 986 3213 saturarum
1013 3161 1041 3212 iu
1066 3160 1228 3228 Hispaniam
1257 3175 1349 3212 seeum

257 3265 381 3326 portasse
394 3259 543 3328 Eulogium
563 3277 606 3311 me
624 3258 732 3310 monuit
746 3257 912 3325 Buecheler3
932 3257 981 3311 afr.
996 3259 1131 3310 Alburnm
1147 3256 1246 3326 Eulog.
1261 3256 1311 3308 vit.
1325 3254 1349 3317 3,

258 3357 274 3408 9
293 3359 408 3422 (poetar.
429 3356 475 3408 lat.
496 3355 580 3408 medii
599 3355 658 3407 aevi
680 3354 727 3422 lll,
749 3355 762 3405 1
782 3372 809 3421 p.
830 3355 905 3421 124);
935 3353 1082 3422 Eulopias]
1107 3353 1137 3406 ia
1162 3350 1351 3418 Pampiloaea·

257 3453 328 3504 stam
347 3453 487 3505 territoria
504 3453 576 3505 altro
591 3452 771 3521 praeradians
787 3451 980 3505 monasteriam
999 3452 1089 3504 saaata'
1102 3448 1232 3504 Zaaaarie
1249 3446 1352 3513 inpres-

258 3564 305 3601 sas
329 3555 354 3601 et
378 3549 493 3602 aliorum
519 3550 631 3603 aeuobia
652 3551 774 3617 ipsarum
798 3549 936 3617 rapiebam
957 3591 962 3602 .
984 3592 989 3602 .
1011 3561 1193 3616 ‚percurrens
1214 3587 1219 3598 .
1240 3586 1246 3597 .
1267 3585 1272 3597 .
1290 3542 1354 3596 tuae

259 3661 345 3698 secam
369 3646 464 3698 librum
489 3646 609 3699 ciuitatis
636 3645 783 3698 beatissimi
802 3647 953 3715 Aupastiai
978 3652 1002 3700 et
1020 3643 1141 3698 Eaeictos
1166 3640 1278 3709 Verpilii
1298 3640 1354 3693 stae

260 3741 400 3795 Iabeaalis
421 3742 542 3796 metricos
558 3743 652 3796 itidem
671 3744 755 3797 libras
774 3749 854 3812 atque
867 3743 959 3798 Oratii
971 3739 1067 3795 Flaeea'
1084 3743 1212 3792 saturata
1228 3741 1354 3804 poemata

259 3853 306 3891 seu
326 3839 443 3906 Parfire'i
468 3839 594 3906 dapiaeta
618 3841 751 3909 opuscula
778 3841 818 3894 aet
845 3837 992 3892 Aabeletmi
1020 3837 1245 3903 epiprammatam
1270 3847 1354 3902 opera

260 3952 380 3990 500505
399 3937 497 3990 Abieai
513 3935 605 4003 fabule
625 3938 730 3991 metriae
750 3979 756 3990 .
778 3978 783 3990 .
804 3977 810 3989 .
833 3933 982 4002 reportavit
1003 3931 1173 3998 (Cordubam
1192 3947 1264 3984 enno
1283 3929 1356 3993 848).

360 4033 387 4100 2)
407 4032 452 4100 Vl,
471 4033 522 4086 635
541 4032 589 4085 ubi
610 4032 633 4084 H
652 4033 778 4085 exhibet:
807 4030 934 4110 effluam
951 4026 1051 4097 epreesi
1074 4032 1098 4080 et
1122 4027 1202 4094 5555
1226 4027 1357 4094 lepemqae

262 4139 291 4190 in
310 4138 461 4208 archetypo
489 4142 649 4192 nostrorum
667 4136 746 4191 codd.
772 4137 840 4190 dett.
870 4133 1007 4188 exstitisse
1029 4133 1141 4188 videtur
1165 4134 1204 4187 sie
1229 4132 1303 4186 fere:
1333 4133 1358 4200 et

261 4261 344 4353 spaera
362 4210 626 4333 epresfft'l'iepblzoe.

443 4698 775 4868 .Ι
