3054 4886
740 589 898 669 Vita.

373 791 507 856 Carolus
522 791 641 857 Hosius
664 798 758 856 natus
781 811 851 855 sum
876 792 907 854 in
925 790 1044 874 oppido
1064 793 1231 872 ,Neuwied
1246 796 1288 860 ad
1301 797 1370 863 Rh‘

272 918 357 964 anno
386 899 479 964 huius
510 900 632 965 saeculi
660 900 771 978 LXVI,
802 901 919 965 mensis
946 900 1053 964 Martii
1084 900 1138 966 die
1168 901 1247 968 XXI
1279 914 1370 989 patre

274 1007 437 1074 Clemente
463 1017 565 1074 matre
589 1011 770 1075 Antoniae
794 1016 889 1092 geute
913 1008 1089 1086 Tneshaus,
1122 1012 1238 1091 quihus
1263 1015 1370 1080 adhuc

272 1119 501 1200 superstitibus
531 1120 666 1202 gaudeo.
712 1119 825 1184 Fidem
858 1118 1008 1203 profiteor
1040 1119 1237 1186 catholicam.
1289 1123 1368 1189 Cum

273 1247 323 1290 mo
347 1247 445 1310 puero
474 1235 626 1309 quattuor
649 1248 804 1292 annorum
833 1235 983 1312 parentes
1005 1227 1228 1293 Hammoniam
1252 1230 1367 1296 Guest-

271 1336 409 1400 t'alorum
432 1339 725 1418 transmigrassem,
754 1336 799 1399 ibi
824 1335 1007 1418 primordiis
1031 1335 1205 1401 litterarum
1230 1339 1367 1406 imbutus

272 1446 435 1528 gymnasii
458 1446 636 1529 discipulus
659 1461 727 1510 sum
752 1447 866 1526 factus,
892 1445 975 1510 unde
998 1466 1073 1510 vere
1096 1447 1171 1511 anni
1191 1446 1367 1514 LXXXIII

272 1555 465 1620 maturitatis
500 1555 681 1619 testimonio
713 1556 884 1619 instructus
913 1553 1113 1618 academIam
1138 1534 1367 1622 Mohastericn-

271 1685 339 1730 sem
361 1664 429 1729 adii
453 1663 565 1730 studiis
587 1663 795 1747 philologieis
820 1685 951 1746 operam
973 1672 1156 1728 navaturus.
1203 1667 1265 1730 Ubi
1284 1675 1369 1749 post·

271 1793 365 1855 quarn
395 1793 452 1856 per
479 1794 597 1838 annum
628 1783 769 1839 moratus
798 1795 875 1851 sum,
910 1775 1071 1838 Musarum
1099 1773 1208 1838 sedem
1236 1775 1367 1841 Fribur·

271 1903 403 1966 gensem
426 1904 483 1967 per
506 1885 640 1949 aestatis
663 1886 826 1966 sequentis
850 1905 974 1949 menses
997 1885 1210 1966 frequentavi,
1233 1905 1297 1967 qua
1321 1906 1367 1951 re-

270 1991 349 2056 licta
375 1993 507 2057 Bonnae
536 1994 569 2057 in
599 2013 764 2058 numerum
792 1993 909 2058 civium
937 1993 1193 2059 academicorum
1221 2004 1367 2078 receptus

271 2122 351 2184 sum,
389 2103 472 2167 inter
494 2123 574 2192 quos
597 2103 704 2169 adhue
733 2124 891 2168 numeror.
934 2105 1119 2169 Docuerunt
1142 2123 1192 2168 me
1219 2103 1280 2168 viri
1305 2106 1368 2168 cla·

270 2211 391 2277 rissimi
412 2211 555 2293 Langen,
579 2211 799 2293 Milchheefer,
815 2211 919 2288 Stahl;
946 2212 1064 2291 Hense,
1080 2211 1120 2274 de
1137 2211 1238 2284 Holst,
1260 2211 1365 2284 Riehl‚

271 2321 426 2398 Schmidt,
451 2320 567 2403 Steup;
590 2319 776 2399 Buecheler,
801 2321 899 2398 Dove,
923 2321 958 2382 R.
975 2319 1112 2397 Kekule,
1138 2319 1243 2402 Klein,
1265 2319 1366 2385 Lueh-

269 2432 349 2506 bert,
366 2429 584 2511 Neuhaeuser,
601 2430 730 2512 Nissen,
746 2432 835 2508 Rein,
861 2430 993 2502 Usener,
1016 2428 1238 2511 Wiedcmaun,
1260 2429 1368 2502 Witte‚

270 2538 377 2604 Wolff.
421 2538 458 2603 ln
483 2540 691 2604 seminarium
713 2541 836 2622 regium
859 2539 1099 2622 philologieum,
1123 2539 1215 2604 cuius
1244 2538 1366 2603 sodalis

269 2647 316 2712 fui
346 2648 474 2731 perbis
505 2668 562 2713 sex
591 2669 727 2727 menses,
762 2655 797 2713 ut
823 2647 985 2730 reciperer
1014 2649 1146 2730 egregia
1168 2647 1366 2726 Buecheleri,

270 2758 457 2833 Luehberti,
478 2757 617 2823 Useneri
632 2760 749 2823 factum
768 2767 817 2824 est
831 2759 1062 2836 benevolentia,
1082 2756 1254 2822 seminario
1271 2754 1366 2818 histo-

268 2868 336 2932 rico
363 2867 501 2950 benigne
528 2887 577 2931 me
610 2866 741 2933 admisit
762 2869 896 2946 Nissen,
931 2864 1212 2930 exercitationibus
1242 2863 1309 2927 suis
1332 2871 1366 2926 ut

271 2979 459 3042 interessem
494 2976 710 3058 epigraphieis
738 2983 769 3041 et
796 2973 1000 3058 philologieis
1023 2972 1207 3044 Buecheler,
1238 2971 1363 3054 epigra-

270 3085 376 3170 phiois
400 3086 508 3165 Klein,
538 3083 792 3165 archaeolcgicis
815 3080 1022 3146 Milchhoefer
1047 3087 1079 3146 et
1099 3080 1226 3145 Kekule
1253 3081 1365 3163 singu-

270 3196 329 3260 lari
353 3194 503 3260 oomitate
535 3200 769 3259 concesserunt.
816 3190 940 3268 Quibus
965 3191 1044 3256 viris
1069 3191 1215 3256 omnibus
1243 3189 1364 3274 gratias

270 3325 332 3388 ago
354 3324 452 3386 quam
467 3305 635 3376 mammas,
660 3302 832 3385 praecipue
852 3321 927 3366 vero
943 3299 1183 3376 Buechelerum,
1205 3299 1364 3365 Luehber-

271 3419 346 3496 tum,
368 3413 546 3478 Usenerum
570 3432 697 3495 semper
718 3411 920 3494 plentIssima
941 3411 1046 3476 colam
1061 3410 1224 3476 memoria.
1269 3406 1363 3470 Doni-

270 3543 332 3606 que
354 3528 445 3605 grato
468 3525 573 3588 auimo
597 3542 737 3587 memoro
761 3520 1046 3587 Sohaarschmidtii
1069 3520 1263 3585 liberalitate
1284 3515 1363 3579 mihi

269 3633 461 3715 contigisse,
494 3641 529 3698 ut
561 3631 777 3698 bibliothecae
812 3632 921 3714 regiae
956 3629 1175 3696 universitatis
1208 3624 1363 3690 subsidiis

270 3742 476 3808 amanuensis
498 3743 658 3809 admissus
681 3743 727 3807 uti
749 3762 878 3826 possem
900 3741 1070 3807 liberrime.

717 4026 912 4036 ————=
