3054 4886
654 363 689 425 22

118 549 237 632 spectes
256 543 283 611 P
306 583 346 592 -
368 550 489 627 spectus
513 543 567 608 LR
588 577 629 588 -
651 541 806 606 uideusH
827 540 881 625 Vl,
905 541 966 606 320
985 538 1108 622 souseio
1130 537 1156 605 P
1181 573 1221 587 -·

120 657 251 740 luufeblu
276 656 301 720 L
323 691 363 701 -
384 653 506 734 lauferu
529 653 559 716 H
583 654 644 715 322
662 650 792 728 fluctum
818 650 842 713 P
864 686 906 696 -
934 650 1073 730 fructum
1100 651 1161 715 HR
1182 685 1220 697 -

118 770 249 849 frictum
278 765 303 828 L
335 764 395 827 399
419 763 520 843 possit
549 781 627 842 quoe
656 760 710 823 PR
732 795 772 804 -
797 765 904 840 posset
929 779 1009 841 quoe
1029 760 1059 824 H
1082 795 1122 806 -
1144 781 1223 840 quue

118 881 225 959 posset
246 873 271 937 L
297 872 359 936 429
382 876 409 936 et
434 871 494 935 loto
516 876 633 934 terrum
654 869 679 932 P
701 903 743 912 -
764 874 940 950 terramque
962 867 1026 933 luto
1049 868 1078 931 H
1100 903 1140 962 7-
1163 874 1221 933 ter·

120 1006 193 1050 ram
224 984 289 1048 luto
316 981 373 1045 LR
401 981 462 1044 585
489 978 608 1044 deberat
629 978 654 1041 P
679 1014 717 1023 -
743 978 831 1042 dubit
853 978 881 1042 R
907 1013 941 1024 -—
969 977 1048 1058 feret
1071 978 1128 1042 HL
1152 977 1222 1055 Vll,

122 1096 142 1156 3
159 1091 289 1156 celebres
306 1089 430 1170 uotique
452 1088 478 1150 P
495 1122 533 1130 -
549 1087 616 1150 nou
638 1085 826 1166 celebresque
841 1085 899 1148 HR
918 1121 954 1130 —
969 1085 1060 1167 multi
1082 1086 1222 1150 celebres-

123 1222 181 1282 que
202 1200 227 1262 L
253 1199 311 1263 124
335 1195 575 1279 quantumlibet
597 1194 622 1257 P
644 1229 684 1240 -
707 1200 856 1276 quomam
879 1193 952 1258 libet
975 1196 1054 1258 L-
1074 1202 1224 1276 quantum

119 1315 204 1392 petet
235 1310 263 1372 R
286 1343 324 1352 -
346 1311 496 1388 errantum
521 1305 603 1385 petit
625 1303 655 1367 H
707 1304 767 1368 156
788 1304 932 1368 diuersae
960 1304 1042 1384 forte
1063 1303 1088 1367 P
1109 1339 1152 1348 —
1173 1306 1223 1368 di-

123 1439 234 1484 uersue
253 1421 346 1496 purte
368 1415 426 1478 HR
450 1451 485 1458 —
510 1413 639 1478 diuersa
657 1417 750 1493 porte
774 1412 799 1475 L
822 1413 863 1485 X,
885 1413 947 1475 313
971 1411 1055 1477 lecti
1078 1413 1164 1480 debet
1187 1415 1224 1478 P-

125 1527 209 1592 Iroti
242 1525 352 1591 debent
374 1523 402 1587 H
427 1559 466 1568 -
489 1521 628 1604 Eaiyerc
652 1521 729 1585 irati
755 1521 864 1586 debent
890 1521 945 1584 LR
967 1521 1035 1594 XV,
1065 1523 1103 1587 75
1130 1546 1225 1604 prae-

125 1635 282 1701 stantibus
308 1632 450 1698 o'muibus
479 1633 603 1696 lustuns
628 1631 656 1694 R
679 1666 718 1676 —
745 1666 779 1674 —
806 1631 928 1694 instant
950 1631 978 1693 H
1001 1667 1042 1676 -
1059 1639 1225 1713 praestant

126 1743 317 1810 instantibus
338 1742 426 1806 orbes
448 1740 482 1804 L.
521 1737 585 1804 Sed
606 1740 662 1821 qui
687 1739 736 1804 his
758 1739 887 1804 tandem
910 1739 989 1804 locis
1006 1741 1131 1824 aliquid
1147 1746 1222 1808 certi

128 1857 169 1921 de
191 1855 381 1919 diversitate
404 1850 626 1916 recensionum
650 1848 718 1914 crui
734 1867 827 1930 posse
849 1856 1048 1932 speraverat,
1069 1850 1133 1915 iam
1151 1874 1224 1936 cog·

128 1965 222 2044 norit,
246 1982 342 2044 quam
364 1979 448 2026 vana
463 1979 537 2042 spes
553 1959 658 2024 fuerit.
702 1958 786 2029 Nam
809 1976 919 2022 versus
937 1958 972 2038 V,
997 1960 1066 2036 116,
1083 1960 1136 2044 Vl,
1152 1963 1223 2045 322,

129 2073 201 2153 585,
217 2069 288 2146 Vll,
307 2069 367 2132 156
383 2066 760 2132 testantunrecensiones
776 2065 867 2138 duas,
891 2065 919 2130 si
939 2085 1089 2148 umquam
1106 2090 1224 2153 magna

129 2177 359 2244 dissimilitudo
375 2177 602 2249 intercesserit,
626 2176 657 2240 in
674 2174 841 2240 codicibus
857 2175 974 2240 nostris
989 2177 1225 2259 conglutinatas

130 2309 210 2354 osse.
256 2288 368 2369 ltaque
390 2286 468 2368 quid
486 2285 617 2363 Nicaco,
640 2283 718 2366 quid
740 2283 913 2367 Epicarpio
935 2285 1145 2353 attribuamus
1168 2310 1226 2356 nos

130 2399 313 2462 discernere
335 2415 431 2478 posse
454 2415 528 2478 spes
552 2396 679 2459 interim
703 2392 895 2459 dimittenda
918 2394 1008 2476 est1).

229 2506 334 2589 Supra
366 2504 495 2569 codices
529 2503 706 2568 LAMHVB
740 2505 773 2568 in
801 2504 883 2569 duas
911 2504 1052 2570 familias
1084 2506 1227 2591 distinxi,

130 2637 265 2698 quarum
296 2635 359 2680 uua
385 2613 478 2679 modo
500 2613 713 2678 Pithoeanum
742 2613 887 2695 sequitur
914 2613 1015 2679 altera
1041 2614 1229 2695 Nicaeum2)

130 2730 405 2808 repraesentante,
438 2722 531 2787 modo
561 2723 719 2789 Nicaeum
752 2724 855 2788 altera
886 2743 956 2788 cum
979 2723 1005 2787 P
1031 2726 1229 2792 concinente.

132 2835 356 2916 Interpolatori
387 2840 494 2899 autem
515 2853 643 2916 semper
671 2834 760 2898 illam
781 2833 950 2898 lectionem
980 2833 1228 2920 vindicabimus,

131 2943 270 3024 quaein
295 2945 399 3009 classe
427 2963 446 3007 a
469 2943 494 3007 P
518 2942 709 3008 abhorrente
737 2942 881 3022 traditur,
913 2950 947 3008 ut
968 2943 993 3022 I,
1019 2945 1078 3008 158
1104 2945 1231 3009 uebatur

134 3051 193 3114 168
217 3051 266 3114 iru
290 3051 331 3132 Il,
357 3051 414 3113 107
435 3051 549 3130 faciem
573 3052 633 3134 III,
662 3052 721 3115 130
742 3057 798 3115 out
821 3052 857 3131 V,
880 3053 921 3115 83
941 3058 1085 3132 porrecta
1110 3053 1162 3134 VI,
1188 3056 1230 3118 46

132 3160 267 3224 medium
289 3167 347 3224 etc.
399 3159 531 3224 Meliore
561 3164 655 3226 etiam
683 3181 780 3226 causa
809 3162 934 3228 scilicet
968 3163 1014 3226 illi
1043 3163 1229 3245 tribuemus,

134 3269 220 3350 quod
243 3290 261 3333 a
284 3269 421 3351 singulis
444 3269 536 3334 libris
560 3271 724 3352 utriusque
747 3270 860 3336 classis
884 3270 1062 3351 exhibetur,
1084 3279 1119 3336 ut
1141 3272 1178 3355 V,
1190 3274 1230 3336 96

127 3379 252 3458 patitur
283 3378 341 3442 ΗΑ
370 3379 424 3462 VI,
447 3380 508 3442 643
533 3381 665 3462 manicis
688 3380 778 3444 LMV
804 3381 879 3464 XII,
914 3385 926 3445 l
954 3383 1058 3446 carior
1087 3381 1140 3446 LV
1171 3383 1230 3446 116

132 3486 261 3568 bellique
283 3487 341 3551 HL
364 3495 425 3554 etc.

232 3597 336 3662 Nimis
359 3605 465 3664 autem
490 3599 645 3664 lubricam
674 3601 738 3665 iam
761 3600 969 3683 aggredimur
998 3601 1229 3682 quaestionem,

132 3704 158 3768 si
182 3707 379 3788 singulorum
404 3695 553 3774 codicum
576 3710 730 3775 lectiones
752 3730 772 3773 a
796 3710 821 3773 P
844 3709 1066 3793 discrepantes
1091 3718 1229 3776 contem·

137 3875 334 3886 ...——.-

231 3985 258 4053 1)
278 3983 378 4038 Totam
403 3988 673 4056 argumentationem
697 4005 753 4040 uon
776 3987 867 4040 minus
888 3988 991 4056 valere,
1019 3988 1042 4041 si
1062 3986 1228 4055 Epicarpius

131 4084 195 4132 aute
214 4078 347 4134 Nicaeum
366 4081 478 4151 vixerit,
497 4084 588 4151 quivis
607 4085 662 4138 tiro
682 4084 765 4138 videt.

172 4190 175 4194 '
230 4177 257 4245 2)
277 4178 329 4232 Hic
347 4183 376 4232 et
395 4180 503 4247 saepius
518 4183 630 4234 nomine
644 4181 740 4234 Nicaei
759 4181 907 4235 brevitatis
925 4200 1008 4236 causa
1026 4186 1115 4235 totam
1134 4198 1228 4234 recen-

131 4275 235 4328 sionem
256 4275 458 4344 intorpolatsm
476 4294 615 4346 nuncupo.
