3054 4886
380 878 659 960 Sententiae
687 877 1034 956 controversae.

254 1085 277 1149 Ι.
321 1082 517 1164 Aeschyli
540 1082 643 1146 Prom.
665 1101 694 1146 v.
715 1081 775 1144 465
799 1081 846 1144 sic
870 1081 955 1161 lege:

254 1194 410 1269 ζεύγλαιει
439 1192 638 1256 δουλεύοντα
673 1191 865 1270 (ειραῑείν
897 1189 932 1254 Θ’
956 1188 1043 1254 ὅπως

259 1300 351 1368 codd.
376 1301 512 1380 cdrpuciu
539 1302 585 1365 Θ’.

259 1410 299 1473 lI.
343 1408 550 1494 Euripidis
573 1409 650 1474 Hec.
674 1430 702 1472 v.
726 1409 786 1473 827
810 1409 860 1473 Pr.
885 1416 919 1472 ut
941 1407 1084 1491 spurium
1107 1407 1197 1470 eicio.

261 1520 318 1585 lII.
363 1520 400 1584 In
434 1518 715 1584 terminationibus
749 1517 995 1598 adiectivorum,
1037 1536 1119 1598 quae
1154 1516 1184 1578 in
1219 1535 1256 1579 oc

159 1634 286 1708 exeunt,
319 1630 437 1694 nullam
469 1631 613 1711 regulam
643 1628 860 1711 Euripides
893 1627 926 1693 in
957 1627 1103 1711 Partibus
1130 1623 1254 1690 melicis

159 1738 321 1820 sequitur;
345 1739 377 1803 in
394 1738 534 1818 dialogis
556 1738 705 1802 iambicis
722 1758 785 1802 non
805 1737 867 1803 nisi
886 1744 985 1803 metro
1002 1737 1132 1802 iubente
1155 1753 1253 1799 novas

159 1847 321 1911 clausulas
356 1845 479 1910 inducit
501 1849 643 1930 exceptis
674 1847 845 1912 adiectivis
868 1848 901 1911 in
927 1868 973 1911 roc
997 1867 1061 1912 croc
1088 1866 1157 1910 aroc
1180 1862 1253 1909 oue-¹

160 1956 298 2031 antibus,
324 1956 380 2021 ubi
403 1956 492 2020 nulla
514 1957 566 2021 lex
588 1958 740 2023 constitui
763 1963 878 2041 potest.

257 2066 310 2130 IV.
356 2065 440 2130 Male
463 2065 505 2129 M.
526 2065 672 2132 Schmidt
694 2069 725 2132 in
748 2068 893 2151 Hygini
917 2067 956 2132 de
978 2067 1121 2148 Antiopa
1143 2063 1254 2128 fabula

158 2178 259 2241 altera
275 2173 377 2259 (VIII)
393 2175 491 2240 verba
505 2175 541 2239 ia
558 2175 773 2242 Cithaeronem
785 2214 819 2222 -
829 2177 1003 2243 namtaaait
1027 2196 1085 2240 suo
1100 2177 1170 2239 loco
1186 2195 1253 2239 mc·

158 2285 213 2361 vit,
236 2284 292 2347 cfr.
313 2284 421 2366 Eurip.
442 2283 480 2348 fr.
498 2287 559 2349 206
579 2287 625 2350 N:
648 2288 766 2352 κύουεα
787 2289 880 2352 τίκτω
902 2287 982 2366 ἡνίκ’
1005 2285 1130 2365 ἠγόμην
1150 2283 1255 2349 πάλιν.

257 2391 294 2456 V.
339 2392 484 2455 Auctor
517 2393 674 2460 Culicis
707 2417 736 2460 v,
765 2398 800 2459 Il
831 2417 877 2479 sq.
910 2395 1034 2461 initium
1066 2393 1253 2476 carminum,

160 2519 242 2581 quae
265 2501 324 2565 sub
347 2502 475 2564 nominc
498 2502 698 2586 Theognidis
721 2507 873 2588 teruntur,
897 2507 1045 2570 imitatur.

256 2610 310 2674 VI.
355 2610 525 2676 Italicus
560 2613 594 2677 in
623 2614 723 2680 Iliade
758 2616 860 2680 latina
893 2624 958 2680 tam
987 2614 1084 2680 anxie
1118 2613 1256 2696 vestigia

158 2718 292 2800 Vergilii
326 2720 455 2801 pressit,
491 2727 525 2785 ut
558 2719 655 2786 etiam
686 2723 823 2788 duritias
848 2725 999 2790 metricas
1028 2743 1091 2788 non
1120 2722 1255 2796 evitarit,

158 2827 246 2889 velut
267 2848 295 2892 v.
317 2828 379 2892 966
400 2827 555 2910 (sufferre)
579 2831 661 2895 ualet
690 2832 846 2915 producta
868 2833 995 2917 syllaba
1019 2834 1122 2898 altera
1151 2839 1254 2898 ortum

158 2942 206 2999 est
228 2935 405 3001 imitatione
428 2939 607 3022 Vergiliani
629 2941 718 3022 (Aen.
741 2943 783 3025 II,
806 2943 880 3022 492)
906 2942 1037 3022 sufferre
1057 2944 1170 3008 ualeat.

255 3044 326 3108 VII.
371 3046 522 3112 Iliadis
544 3051 613 3115 lat.
635 3073 664 3116 v.
688 3053 749 3116 548
771 3072 813 3117 ex
835 3053 930 3136 Verg.
946 3054 1025 3118 Aen.
1042 3053 1101 3135 111,
1122 3053 1182 3116 291
1207 3054 1254 3118 sic

157 3151 296 3235 corrige:

253 3264 401 3343 protinas
423 3267 563 3331 aerias
584 3269 736 3352 innuptae
756 3271 898 3352 palladr's
920 3292 1008 3337 arces

254 3370 365 3436 codd:
399 3379 547 3439 armatas.
577 3376 650 3443 vide
679 3381 774 3444 etiam
796 3379 890 3444 Hom.
911 3379 948 3443 Il.
971 3379 1025 3458 Vl,
1049 3379 1109 3443 297
1141 3380 1177 3447 ἐν
1197 3381 1252 3447 πό-

155 3482 202 3544 λει
226 3479 335 3567 ἄκρῃ,

253 3590 339 3658 VIII.
386 3593 617 3675 Argumentum
640 3603 767 3662 saturae
789 3605 901 3665 sextae
924 3599 1139 3666 Iuvenalis
1162 3620 1253 3684 prae-

155 3694 251 3777 cipue
280 3719 319 3764 ex
344 3701 487 3768 Senecae
520 3703 602 3769 libro
625 3703 665 3770 dc
691 3708 891 3772 matrimonio
916 3707 1115 3792 deprompsit
1143 3710 1200 3776 cfr.
1224 3730 1251 3774 v.

155 3805 194 3868 28
217 3811 249 3868 ct
270 3806 307 3869 fr.
331 3809 369 3871 47
394 3811 543 3893 (Haase);
574 3815 615 3877 38
640 3834 687 3896 sq.
710 3821 742 3879 et
765 3815 801 3879 fr.
825 3816 882 3896 583
907 3817 965 3880 136
988 3837 1057 3900 sqq.
1081 3824 1113 3883 et
1134 3820 1171 3883 fr.
1196 3820 1249 3896 72;

156 3913 217 3976 156
239 3933 318 3996 sqq,
351 3916 411 3980 352
433 3939 501 4003 sqq.
525 3928 557 3987 et
581 3924 618 3987 fr.
643 3924 701 4001 483
737 3924 796 3988 165
819 3930 851 3990 et
873 3927 911 3990 fr.
934 3927 989 4003 563
1021 3927 1083 3990 214
1105 3947 1160 4010 sq,
1191 3927 1253 3991 270

154 4041 225 4196 sqqf.
247 4023 338 4198 665266
361 4025 419 4101 49;
450 4029 510 4092 347
534 4051 580 4113 sq.
604 4038 637 4097 et
659 4032 696 4098 fr.
721 4033 777 4108 533
809 4035 871 4100 460
895 4041 927 4103 et
949 4036 987 4101 fr.
1009 4036 1065 4119 493
1100 4037 1161 4101 508
1182 4055 1252 4121 sqq.

155 4137 187 4197 et
222 4153 247 4198 r.
313 4184 320 4200 .
