3054 4886
461 1236 508 1302 De
531 1235 623 1302 fonte
647 1235 792 1302 codicum
818 1235 1028 1302 deteriorum.

299 1423 365 1488 Iios
390 1423 517 1487 codices
541 1443 651 1487 omnes
674 1425 834 1506 pertinere
857 1423 897 1488 ad
924 1425 1139 1489 recensionem
1164 1424 1295 1489 deterio-

201 1553 265 1596 rem
296 1535 399 1615 primo
429 1532 539 1605 obtutu
563 1532 667 1597 elucet
694 1513 797 1613 neque
826 1552 905 1615 opus
938 1540 986 1597 est
1016 1533 1120 1597 fusius
1148 1534 1295 1615 probare.

201 1642 299 1724 Atqui
324 1642 469 1707 videmus
499 1663 560 1706 non
581 1663 652 1707 raro
681 1643 780 1707 libros
803 1662 911 1707 omnes
943 1661 1117 1726 congruere
1149 1663 1218 1706 curn
1243 1644 1294 1706 Pi·

201 1751 337 1816 thoeano
363 1749 485 1830 locisl),
518 1751 728 1833 quibuscum
752 1751 914 1816 hominum
941 1752 1197 1816 doctissimorum
1220 1772 1295 1816 oon-

202 1881 297 1927 66666
312 1861 408 1926 166116
424 1861 543 1925 tradita
559 1860 727 1926 damnetur·
749 1868 804 1925 aut
819 1861 939 1926 servari
964 1881 1026 1926 uon
1045 1863 1154 1944 possit,
1178 1867 1294 1925 utram·

201 1990 263 2052 que
287 1970 505 2035 recensionem
528 1971 696 2035 concinere
719 1970 833 2034 mirum
857 1977 919 2035 est:

302 2079 342 2159 II,
364 2081 404 2142 92
438 2085 560 2161 cocyton
589 2079 626 2161 (s.
650 2080 788 2162 cocyton)
825 2082 884 2144 166
912 2079 1093 2161 debriando)
1179 2080 1232 2156 IV,
1259 2080 1296 2142 13

201 2188 340 2270 serioque
362 2191 401 2252 25
424 2209 571 2270 sanamur
593 2191 632 2252 43
655 2191 807 2270 torpentis
870 2190 922 2271 VI,
947 2191 1006 2254 126
1026 2193 1085 2254 oin.
1109 2189 1181 2269 (167
1201 2209 1296 2252 acnu-

200 2297 317 2378 sr'nanr)
348 2300 405 2362 172
428 2299 545 2378 depone
566 2299 626 2362 527
659 2299 837 2380 calidaeque
859 2300 920 2362 533
949 2300 1089 2380 laniacro
1111 2299 1172 2361 554
1194 2299 1297 2379 j'rontc

202 2407 501 2472 6566111666611616
531 2407 615 2490 16161.
638 2408 676 2484 Ρ)
764 2409 830 2490 VII,
857 2410 915 2472 130
937 2408 1062 2490 tonyiili
1084 2406 1135 2489 (a
1158 2406 1197 2482 Ρ)
1221 2406 1294 2488 (151

201 2515 281 2597 carn)
306 2517 364 2580 177
387 2518 532 2582 scr'ndcns
555 2501 614 2581 235
638 2518 810 2583 archemori
896 2518 980 2599 VIII,
1004 2519 1043 2580 62
1067 2518 1295 2582 6611176666-

200 2627 287 2708 ratde
310 2625 425 2708 (corate
448 2627 485 2706 P)
510 2628 549 2690 68
568 2628 706 2707 primurn
731 2629 789 2691 148
817 2628 913 2692 rnaIto
935 2627 1114 2707 sufflamine
1133 2624 1193 2689 223
1222 2625 1297 2707 qnid

203 2735 604 2801 229166661116666611.
629 2743 795 2820 corruptus
875 2737 943 2816 (IX,
971 2734 1212 2813 1696616166)
1257 2733 1295 2813 X,

201 2847 242 2908 54
264 2845 318 2910 uni
346 2847 527 2926 perniciosa
594 2845 653 2909 170
684 2867 783 2928 qnare
816 2867 839 2911 s.
869 2847 959 2928 yiarc
997 2843 1202 2908 1866661616
1235 2844 1296 2906 359

202 2955 352 3035 16661662)
439 2955 496 3036 XI,
528 2956 567 3018 55
602 2955 796 3036 cffrcyr'cntenc
829 2955 887 3033 (M)
974 2953 1065 3031 XIII,
1097 2952 1155 3016 167
1185 2953 1296 3034 confir·

189 3049 290 3128 'rnant
318 3065 379 3128 268
408 3084 502 3128 saeua
588 3064 674 3142 XIV,
695 3065 736 3126 45
765 3063 823 3128 irae
854 3065 901 3140 (ac
921 3061 959 3145 P)
989 3062 1050 3126 229
1079 3063 1298 3144 conduplicari

202 3173 269 3247 XV,
296 3174 313 3236 7
336 3173 492 3238 caeruleos
513 3173 667 3250 (amnicos
689 3174 727 3250 P)
756 3175 796 3237 64
818 3174 967 3238 seditione
1051 3173 1134 3253 XVI,
1159 3175 1199 3235 24
1223 3173 1297 3238 cali-

201 3289 292 3365 961116
313 3285 353 3346 56
374 3283 470 3348 labor.

304 3392 396 3457 66116
419 3392 657 3458 concedendum
686 3399 734 3458 est
756 3415 903 3475 magnam
929 3400 1051 3476 partem
1080 3393 1190 3457 horum
1214 3392 1296 3454 loco-

204 3522 274 3566 rum
290 3502 353 3564 iam
371 3503 402 3566 in
420 3501 595 3585 archetypo
618 3503 774 3568 exsistere
790 3503 943 3586 potuisse,
968 3503 1052 3569 unde
1074 3502 1146 3566 etP
1167 3507 1199 3564 61
1223 3499 1296 3563 iibri

204 3610 379 3676 deteriores
403 3610 561 3676 fluxerint.
605 3610 669 3675 Sed
694 3610 753 3677 hoc
782 3632 844 3676 non
877 3613 994 3694 ubique
1022 3609 1191 3676 convenire
1213 3610 1297 3673 eviu-

204 3720 286 3784 citur
307 3740 355 3792 eo,
379 3720 465 3801 quod
490 3722 619 3804 saepius
642 3742 754 3785 munus
778 3722 879 3786 611616
902 3728 932 3786 61
952 3720 1130 3799 Ρ111166661,
1153 3737 1234 3799 quae
1258 3738 1297 3782 ex

204 3828 387 3893 membrana
411 3831 523 3894 classis
541 3832 753 3914 interpolatae
778 3833 923 3908 correxit,
947 3835 979 3894 et
994 3829 1188 3910 reliquorum
1213 3827 1297 3892 codi-

203 3958 273 4002 cum
298 3937 466 4003 lectionem
486 3959 596 4005 veram
619 3940 780 4017 exhibent,
805 3947 839 4004 ut
861 3940 914 4015 VI,
932 3939 992 4003 527
1015 3958 1035 4021 p
1060 3944 1143 4002 recte
1166 3937 1299 4020 praebet

303 4189 331 4258 1)
351 4189 403 4244 Hic
422 4190 456 4243 de
476 4190 534 4244 sola
553 4209 636 4244 munu
657 4190 746 4259 prima
766 4190 873 4258 loquor.

302 4286 329 4356 2)
349 4287 393 4340 vd.
414 4287 496 4342 infru.
