3054 4886
687 362 720 423 13

146 538 383 624 interpolatae,
408 537 494 621 quod
518 558 557 603 ex
577 537 702 602 duabus
722 535 1009 621 subscriptionibus
1034 534 1148 619 elueet,
1172 536 1258 604 eerie

160 650 233 728 duo,
256 649 372 732 quibus
395 654 478 713 totus
503 655 537 711 ut
559 646 686 712 videtur
702 635 866 711 Iuvenalis
886 647 1121 726 continebatur,
1146 655 1260 732 pastea

160 757 337 843 deperdita.
393 756 534 834 Quaerat
567 762 672 820 autern
708 755 879 839 quispiam,
916 775 973 820 nur
1006 756 1158 821 librarius
1195 776 1258 821 non

161 887 284 950 versun,
317 867 372 950 qni
393 875 465 950 post
487 865 570 946 XVI,
593 867 633 929 60
660 866 691 930 in
726 866 789 930 iilis
813 866 1070 951 inveniebantur,
1104 886 1162 933 suo
1183 886 1259 931 eon·

161 978 263 1043 textui
285 975 450 1054 adiecerit.
489 974 557 1039 Hoe
582 974 637 1055 qui
660 974 778 1038 facturn
802 975 845 1039 sit
864 975 937 1056 quis
961 975 1056 1041 hodie
1073 983 1159 1041 nerto
1182 995 1259 1041 enu-

161 1089 265 1152 cleare
285 1084 408 1168 possit?
430 1083 583 1148 Fortasse
600 1083 709 1147 aeriba
732 1083 818 1146 illins
834 1083 966 1162 eodieis,
990 1085 1030 1149 ad
1047 1105 1140 1168 quem
1158 1085 1259 1150 nostri

161 1193 236 1258 libri
258 1212 368 1284 omnen
392 1189 538 1266 redeunt,
562 1190 624 1253 iarn
648 1189 733 1254 alius
756 1190 924 1273 scriptoris
940 1191 1058 1257 veteris
1081 1213 1161 1277 epus
1185 1194 1259 1258 sub·

161 1302 318 1378 iunxerat,
342 1309 378 1364 nt
398 1299 513 1381 Persii,
536 1299 591 1380 qni
615 1298 648 1362 in
671 1298 830 1363 Vossiano
856 1300 894 1363 18
917 1299 1101 1367 Iuvenalem
1128 1304 1259 1387 exeipit,

161 1412 212 1476 vel
238 1410 335 1474 vitam
359 1408 533 1489 Iuvenalis,
556 1414 591 1472 ut
617 1409 649 1472 in
666 1407 734 1481 ΑΗ,
757 1416 812 1472 aut
832 1408 955 1491 aliquid
974 1431 1139 1493 nugarum,
1164 1414 1259 1494 qnale

161 1518 309 1583 rnenaehi
331 1517 450 1583 addere
478 1524 595 1592 amant,
627 1523 683 1581 aut
704 1518 737 1580 in
760 1517 872 1582 codiee
903 1519 965 1583 iarn
989 1522 1181 1605 tegumentis
1209 1541 1259 1586 or-

161 1635 238 1693 nato
260 1647 321 1692 non
345 1627 425 1692 satis
446 1628 545 1712 spatii
568 1627 714 1692 relietum
739 1639 818 1706 erat,
842 1633 898 1692 aut
917 1629 1003 1709 qued
1025 1631 1056 1694 in
1081 1650 1141 1695 sua
1162 1651 1257 1696 mern-

161 1736 261 1800 brana
289 1755 352 1800 non
382 1734 550 1800 invenerat
572 1734 680 1799 scriba
707 1752 747 1797 ex
775 1735 838 1799 alio
870 1737 1046 1820 exemplari
1074 1738 1258 1805 adseribere

164 1845 345 1918 verebatur,
369 1853 425 1909 aut
447 1843 514 1908 alia
536 1845 650 1908 emnia.
