3054 4886
674 368 707 421 21

146 545 228 609 Nem
251 545 360 627 plures
383 543 480 622 locos,
504 540 620 624 quibus
644 540 834 604 sententiani
858 539 1011 619 fulcirem,
1036 557 1137 620 neque
1154 538 1240 621 opud

146 652 392 730 claudianum)
425 671 528 733 neque
559 649 647 735 apud
678 650 758 714 allos
792 648 966 732 scriptores
997 647 1091 714 huius
1124 646 1241 713 aetatis

146 762 299 843 inveni2).

246 874 328 955 Duo,
360 870 444 955 qnod
474 869 580 936 adhuc
603 871 750 949 sciemus,
781 867 910 934 codices
938 866 1052 933 Nicaei
1081 868 1241 950 subscrip·

146 983 266 1048 tionem
295 983 411 1061 lerunt,
445 980 681 1045 Laurentianus
708 984 740 1043 et
762 977 998 1061 Lugdunensis.
1047 975 1187 1054 Quorum
1213 977 1241 1040 si

145 1093 299 1158 lectiones
323 1095 406 1157 inter
436 1111 472 1156 se
495 1089 699 1169 conferimus,
730 1090 780 1153 vel
803 1089 835 1152 in
858 1108 929 1152 mee
952 1087 1133 1167 collatione,
1158 1106 1242 1167 qnae

145 1222 208 1267 non
234 1221 344 1266 omnes
373 1201 525 1265 lectiones
552 1198 627 1263 libri
649 1199 677 1262 R
700 1198 863 1281 praebeat,
897 1215 1053 1281 persaepe
1075 1194 1148 1260 illos
1179 1195 1239 1260 dis·

145 1312 298 1386 sentirell
321 1309 485 1375 videmus:

249 1579 273 1642 ll
292 1577 370 1630 Aliae
389 1577 597 1631 similitudines:
626 1576 659 1642 X,
680 1577 733 1630 203
751 1580 824 1630 necte
843 1592 959 1630 coranos
983 1577 1032 1630 cfr.
1052 1575 1110 1630 Iuv.
1129 1575 1176 1645 VI,
1195 1578 1243 1648 51;

145 1675 246 1741 XVIII,
265 1675 300 1727 60
314 1679 506 1743 permutatque
528 1672 617 1726 dorum
637 1695 670 1717 =
690 1671 748 1725 Iuv.
768 1671 814 1741 VI,
833 1672 898 1739 225;
927 1672 1002 1740 VIII,
1021 1673 1074 1726 314
1091 1690 1174 1743 rupes
1192 1675 1243 1728 Ga-

145 1787 273 1839 prearum
298 1770 348 1824 cfr.
369 1769 429 1823 Iuv.
449 1769 483 1838 X,
503 1770 552 1838 933
580 1768 641 1837 VII,
660 1770 676 1822 3
701 1768 811 1822 imitata
833 1768 946 1838 pabiuos
969 1769 1018 1824 cfr.
1044 1769 1102 1823 Iuv.
1122 1770 1157 1830 X,
1175 1771 1242 1840 299;

145 1869 180 1921 de
199 1871 272 1935 rapt.
294 1866 371 1920 Peos.
391 1866 411 1928 l,
432 1866 483 1920 147
512 1865 642 1935 apposuit
666 1871 768 1919 natura
789 1888 821 1911 =
846 1865 904 1919 Iuv.
924 1865 956 1929 X,
977 1866 1040 1935 1523
1068 1882 1151 1920 carm.
1176 1867 1242 1920 min.

147 1963 212 2016 VIII
237 1962 383 2028 (LXXVI),
404 1964 417 2014 1
443 1963 554 2032 penitas
573 1978 727 2032 capuoscere
753 1985 786 2008 =
811 1961 870 2015 Iuv.
889 1961 935 2031 VI,
953 1962 1020 2032 474,
1049 1963 1098 2016 cfr.
1122 1967 1151 2017 et
1171 1964 1242 2032 Birt,

145 2058 219 2112 Zraa'
236 2058 379 2126 pertracto
397 2057 506 2112 Satires
526 2059 572 2112 des
590 2059 663 2112 alters
681 2059 759 2113 Ram.
779 2058 915 2128 Marburg
935 2059 1013 2112 1888.
1032 2077 1078 2129 pg‚
1098 2061 1133 2114 52
1151 2079 1211 2129 sqq.

243 2157 272 2223 2)
291 2157 379 2210 Immo
400 2157 527 2224 sequenti
546 2156 655 2211 saeculo
675 2155 804 2210 Sidonius
824 2156 996 2224 Apollinaris
1015 2173 1058 2224 ep.
1071 2158 1118 2224 IX,
1134 2159 1167 2212 13
1186 2176 1242 2212 rua·

142 2270 196 2306 aas
214 2258 300 2307 stuata
318 2269 382 2308 suaa
402 2254 500 2307 amomi
530 2252 675 2308 Pithoeani
695 2253 863 2322 scripturum
882 2254 1020 2323 respicere
1039 2254 1149 2310 videtur
1167 2255 1241 2324 VIII,

145 2351 195 2404 159
215 2355 312 2403 umatus
331 2367 433 2404 amomo
453 2351 547 2419 (sucus
565 2351 663 2405 amomi
682 2351 757 2421 apud
766 2351 816 2405 0v.
827 2355 891 2406 met.
903 2350 962 2420 XV,
982 2352 1056 2422 394),
1074 2369 1242 2420 quemquam

143 2447 196 2500 hoc
209 2447 341 2500 nimirum
360 2452 457 2501 contre
470 2451 591 2501 aetatem
609 2449 780 2517 superiorem
795 2448 908 2503 ulterius
927 2449 1094 2504 recensionis
1114 2447 1153 2501 nil
1166 2448 1241 2502 fecit.

143 2543 202 2596 Alli
222 2543 286 2611 loci,
305 2544 353 2597 ubi
370 2543 498 2598 Sidonius
515 2543 674 2598 Iuvenalem
693 2545 828 2613 imitetur,
847 2546 949 2600 nullius
968 2545 1053 2615 pretii
1070 2546 1151 2600 nobis
1170 2550 1241 2600 sunt.

142 2641 190 2693 Bis
208 2659 271 2694 eum
293 2641 374 2696 affert
396 2659 439 2710 cp.
458 2641 533 2710 VIII,
552 2642 568 2694 9
594 2646 674 2695 satur
700 2648 821 2697 osteum
845 2642 914 2697 dicit
939 2643 1074 2697 Horatius
1104 2641 1184 2696 eulroe
1209 2667 1241 2690 =

143 2737 201 2790 Iuv.
220 2737 280 2802 VII,
299 2739 342 2805 62,
362 2742 399 2806 et,
428 2738 502 2806 quod
522 2737 650 2793 Iahnium
672 2740 828 2809 praeteriit,
855 2757 898 2809 ep.
919 2739 991 2808 VIII,
1012 2741 1045 2793 16
1068 2738 1124 2792 iam
1139 2744 1244 2806 tempus

144 2840 182 2888 est
198 2839 229 2888 ut
246 2834 379 2890 satiricus
397 2835 440 2888 ait
454 2833 574 2890 Orestem
594 2841 717 2890 uestrum
729 2838 774 2891 uel
790 2853 873 2906 super
891 2843 966 2906 terpa
983 2836 1065 2903 finire
1083 2835 1134 2890 cfr.
1147 2836 1206 2889 Iuv.
1220 2836 1242 2903 I,

144 2931 169 2983 6.
189 2929 319 2985 ImItetur
339 2950 402 2985 eum
421 2950 463 3001 ep.
479 2932 530 3000 1,2
549 2932 591 2987 ita
609 2938 639 2987 ut
658 2934 749 2987 uultus
767 2934 884 2988 caauiua
902 2933 1039 2988 sacrdoeis
1057 2933 1167 3002 liupaae
1183 2931 1244 2998 folle

143 3025 265 3091 feriatur
284 3027 333 3080 cfr.
347 3026 405 3081 Iuv.
423 3027 470 3097 IX,
491 3030 539 3097 103
558 3047 600 3098 ep.
614 3030 649 3098 II,
674 3031 704 3083 10
722 3029 822 3095 (initio)
836 3036 951 3100 propter
969 3046 1053 3098 qaam
1070 3045 1121 3084 aas
1140 3045 1243 3098 quoque

145 3122 325 3176 subducimus
342 3123 448 3191 ferulae
471 3141 580 3178 manum
600 3125 649 3179 cfr.
668 3126 727 3180 Iuv.
747 3126 769 3194 I,
790 3127 836 3196 153
856 3144 899 3196 ep.
918 3125 952 3195 II,
972 3127 1006 3179 13
1024 3131 1183 3195 spumarent
1198 3126 1243 3192 sa·

144 3221 217 3273 leruo
230 3235 346 3288 parmae
364 3236 476 3289 capaces
492 3219 542 3274 cfr.
552 3219 613 3274 Iuv.
628 3222 674 3292 VI,
689 3223 754 3292 3035
774 3241 816 3293 ep.
830 3222 877 3293 IV,
890 3225 923 3277 13
942 3222 1041 3291 quippe
1057 3227 1121 3292 past
1140 3227 1243 3290 tapam

142 3333 203 3371 cum
221 3316 278 3369 iam
296 3315 435 3371 duodecim
452 3318 541 3372 tustra
559 3320 732 3374 transmittat
753 3321 803 3375 clr.
822 3321 880 3374 Iuv.
900 3320 976 3388 XIII,
998 3321 1029 3373 16
1048 3337 1104 3389 sq.;
1123 3337 1165 3388 ep.
1181 3319 1242 3387 VII,

146 3414 179 3467 17
198 3418 282 3467 uatus
298 3412 335 3466 od
354 3413 519 3482 Euphraten
541 3415 777 3485 =1uv.1,104;
804 3434 847 3486 ep.
865 3417 913 3484 IX,
933 3417 950 3470 9
970 3417 1012 3485 (in
1029 3415 1095 3483 fine)
1122 3415 1244 3484 quaudo·

144 3508 248 3578 quidem
272 3515 334 3564 tuas
354 3526 443 3564 anuos
467 3510 524 3564 iam
548 3510 647 3566 deutra
665 3513 850 3568 numerauerit
874 3514 922 3567 cfr.
943 3512 1000 3567 luv.
1020 3512 1054 3574 X,
1073 3512 1137 3580 249;
1157 3529 1242 3566 carm.

143 3607 177 3670 ΙΙ,
197 3607 250 3660 530
268 3625 308 3675 sq.
334 3607 361 3660 se'
378 3608 485 3676 ruperit
505 3608 591 3678 Alpes
608 3611 717 3664 Poeaus
741 3610 791 3664 cfr.
811 3610 869 3664 Iuv.
889 3610 922 3680 X,
942 3611 1006 3678 153,
1034 3627 1117 3664 cerm.
1137 3609 1171 3677 V,
1189 3609 1243 3664 430

143 3709 226 3756 aucta
257 3706 391 3761 Tarentus
414 3706 462 3762 cfr.
483 3707 540 3761 Ius.
561 3706 606 3776 VI,
630 3708 682 3762 297
707 3712 734 3761 et
756 3708 831 3776 VIII,
852 3709 917 3777 113;
945 3725 1029 3762 cerm.
1048 3706 1108 3769 Vll,
1129 3707 1181 3761 107
1200 3725 1240 3775 sq.

144 3799 258 3853 Galbam
285 3802 383 3857 sterm's
412 3803 479 3859 Ottra
507 3805 614 3874 specula
643 3804 690 3874 qui
713 3805 827 3875 pulcher
854 3804 947 3860 haberi
984 3804 1047 3858 dura
1076 3809 1173 3874 captas
1192 3804 1241 3859 cfr.

143 3895 203 3949 Iuv.
227 3895 261 3965 II,
280 3899 322 3951 99.

243 3993 273 4063 3)
293 3995 457 4066 Gongruunt
476 4000 550 4054 circs
570 3999 622 4054 150
640 4001 718 4069 locis,
741 4018 859 4069 quorum
878 4018 1008 4055 numerus
1028 4003 1146 4070 augetur
1165 4017 1188 4055 c.
1207 3999 1242 4053 50

144 4089 206 4143 aliis
229 4089 356 4145 adhibite
383 4092 473 4148 Ichnii
496 4096 654 4164 collatione,
682 4097 727 4150 cui
746 4097 849 4166 uquue
867 4096 951 4151 fidem
975 4097 1078 4152 hebere
1097 4114 1141 4151 me
1164 4099 1242 4150 vetet

144 4186 257 4241 collatio
278 4205 358 4256 nova,
388 4207 443 4258 qua
461 4190 575 4245 edoctus
594 4209 654 4245 sum
673 4191 720 4257 VI,
738 4193 791 4246 213
809 4192 865 4264 legi
884 4193 955 4248 uelit
978 4194 1031 4248 479
1048 4191 1163 4261 tlapellu's
1181 4190 1242 4263 VII,

146 4282 197 4335 120
216 4283 341 4350 afrorum
361 4283 413 4337 124
429 4290 501 4354 petet
520 4286 594 4356 VIII,
616 4287 669 4341 203
689 4287 803 4354 frontem
820 4286 895 4355 XIII,
915 4287 1051 4342 14214013
1066 4288 1196 4358 populus.
