3054 4886
757 361 774 414 2

214 539 367 611 tissimus,
391 535 534 603 codicem
558 535 741 600 Parisinum
765 556 814 600 no.
834 535 915 599 9345
940 553 1024 598 saec.
1040 533 1100 613 XI,
1122 529 1313 612 addiditque

215 647 376 730 florilegia
401 667 441 712 ex
469 645 561 712 codd.
586 646 686 710 ParIs.
710 646 792 708 7646
815 650 848 710 et
877 645 978 707 17903
1009 641 1173 723 descripta
1202 641 1255 704 Dr.
1277 639 1311 704 G.

218 757 336 822 Wotke
352 756 578 822 amicissimus.
612 755 756 836 lienique
779 751 857 818 mibi
875 753 1018 834 contigit,
1043 757 1078 817 ut
1096 749 1313 815 intercedente

216 866 371 931 benevole
391 865 529 930 Henrico
553 865 716 946 Rostagno
740 861 856 928 certior
883 861 990 926 fierem
1013 860 1053 926 de
1077 859 1224 925 ducentis
1246 860 1314 926 fere

216 975 297 1040 Iocis
321 973 529 1039 Laurentiani
552 974 631 1057 plut.
655 972 795 1036 XXXIV
817 972 857 1035 42
878 991 960 1036 saec.
984 971 1040 1035 XI.

317 1083 432 1165 Itaque
448 1085 511 1147 iam
527 1082 665 1166 praebeo
681 1081 884 1147 collationem
902 1082 1027 1145 illorum
1044 1080 1199 1153 codicum,
1218 1099 1313 1162 quiam

218 1191 259 1256 ad
279 1191 454 1257 editionem
472 1191 743 1257 Hermannianam
765 1189 909 1273 (Lipsiae
928 1187 1111 1268 1883111111,
1134 1188 1191 1253 scd
1208 1195 1314 1254 tamen

218 1303 272 1383 ita,
295 1303 331 1366 ut
353 1301 407 1366 ubi
432 1301 489 1365 illa
512 1300 612 1366 editio
635 1300 839 1383 discrepata
865 1297 1061 1378 Buecheleri,
1086 1298 1333 1382 adscripserim.

182 1431 187 1441 ·
217 1411 372 1476 lectiones
399 1410 562 1488 librorum,
592 1409 719 1474 etiamsi
743 1409 914 1473 concinunt
937 1427 1006 1472 cum
1030 1407 1146 1488 verbis,
1176 1408 1313 1489 quaein

218 1525 368 1584 contextu
384 1519 626 1584 Hermanniano
641 1517 799 1601 leguntur.
835 1516 899 1582 Sed
922 1535 962 1580 ne
978 1518 1126 1598 congerie
1142 1516 1314 1582 lectionum

217 1630 344 1694 libellus
377 1629 431 1693 hic
464 1629 497 1692 in
530 1628 717 1710 ampliorem
750 1627 865 1692 molem
897 1634 1070 1706 excrescat,
1104 1626 1314 1708 gravissimas

217 1745 339 1803 tantum
361 1745 393 1802 et
407 1736 545 1802 alicuius
569 1737 721 1802 momenti
737 1735 974 1818 discrepantias
992 1734 1045 1800 hic
1069 1733 1169 1799 allero
1177 1733 1197 1799 ¹.
1213 1734 1314 1817 Siglis

180 1828 185 1836 ⁸
218 1853 290 1914 utor
312 1852 440 1931 praeter
462 1867 509 1925 ea,
533 1867 617 1929 quae
641 1846 725 1911 Jahn
748 1846 905 1928 adhibuit,
927 1846 994 1912 his:

317 1958 346 2022 A
371 1983 410 2009 =
434 1956 502 2021 cod.
525 1955 649 2021 Monac.
669 1957 731 2020 408
755 1976 839 2022 saec.
862 1956 917 2022 XI.
950 1949 952 1956 '

317 2067 350 2131 M
373 2093 413 2119 =
437 2065 507 2131 cod.
530 2064 653 2131 Monac.
675 2067 778 2130 23475
801 2085 884 2132 saec.
907 2065 980 2130 XII.

316 2175 347 2240 H
370 2202 409 2229 =
433 2175 502 2240 cod.
525 2174 628 2240 Paris.
653 2175 734 2238 9345
757 2194 840 2240 saec.
864 2174 919 2238 XI.

319 2285 345 2349 L
367 2312 407 2339 =
432 2285 503 2351 cod.
527 2283 617 2350 Leid.
641 2283 717 2350 bibl.
740 2285 825 2368 publ.
850 2286 889 2349 82
912 2304 996 2351 saec.
1021 2285 1077 2349 XI.

318 2536 329 2574 ¹
347 2538 391 2592 Ex
414 2537 558 2608 florilegiis
576 2537 622 2592 hic
645 2538 707 2592 illas
726 2542 836 2592 tantum
861 2539 1030 2594 mutationes
1048 2540 1162 2609 protuli,
1190 2556 1261 2607 quac
1279 2539 1315 2591 'ad

218 2634 369 2690 iudicanda
388 2652 420 2688 ea
437 2635 608 2689 necessariae
627 2638 718 2702 erant3
738 2634 904 2705 dereliqui·
924 2636 1082 2690 ctomnino
1100 2636 1134 2689 de
1153 2652 1249 2688 eorum
1268 2652 1314 2687 na·

218 2736 284 2786 tura
309 2729 383 2786 inira
408 2731 545 2800 prolixius
571 2731 728 2800 disputabo.
766 2731 913 2787 Praeterea
935 2733 964 2785 in
987 2732 1115 2786 omnibus
1136 2731 1215 2784 libris
1234 2732 1315 2784 omisi

217 2828 352 2897 plurimas
381 2818 612 2882 commutationes
641 2829 880 2898 orthographicas,
909 2832 941 2882 ut
966 2813 1111 2881 sollemnes
1142 2827 1315 2882 confusiones

219 2925 379 2979 litterarum
399 2943 419 2994 e,
439 2941 479 2993 ae,
497 2941 540 2989 oe,·
560 2941 575 2979 r
594 2930 622 2979 et
641 2926 670 2991 b;
689 2943 716 2995 y,
736 2925 832 2992 ueti;
851 2927 868 2993 f
883 2927 912 2979 et
926 2924 973 2993 pb,
991 2927 1083 2994 cetp,
1103 2923 1187 2979 dett
1206 2924 1315 2994 (adque,

217 3027 293 3090 aput,
314 3021 448 3088 atiucarc,
467 3021 543 3089 haut,
567 3020 685 3090 inquid),
704 3037 730 3074 m
748 3026 777 3075 et
792 3038 812 3074 n
830 3021 971 3089 (unquam,
994 3025 1134 3090 tanquam,
1154 3036 1315 3090 quocunque,

220 3119 376 3188 menbrum),
397 3122 456 3171 tum
475 3118 545 3171 tales
564 3117 716 3187 scripturas
735 3119 829 3186 quales
851 3121 929 3171 sunt:
950 3117 1107 3185 dampnare,
1125 3123 1315 3186 contempnere,

217 3216 328 3280 sumita·
359 3214 475 3282 eaorbes,
504 3219 657 3284 expectare,
687 3215 838 3281 astinetum
869 3215 981 3284 obtima,
1008 3215 1135 3284 puplica,
1160 3214 1315 3283 septimius,-

217 3309 343 3366 arcbana
361 3309 517 3378 chilindros,
536 3309 669 3364 conchilia
687 3310 762 3380 cboa,
781 3310 872 3374 nichil,
892 3311 999 3381 tharaca,
1018 3314 1120 3378 bonum
1140 3291 1218 3377 aduc,
1236 3309 1314 3364 anni·

220 3407 273 3470 bat,
300 3423 430 3477 aruspex,
456 3411 526 3476 asta,
553 3407 661 3476 caldeis,
690 3408 767 3474 erba,·
796 3408 946 3478 adfectare,
975 3408 1107 3476 adtendit,
1130 3407 1316 3475 conmendare,
1363 3445 1367 3452 -

219 3502 351 3563 conrosim
371 3503 510 3569 submitte,
530 3503 629 3557 deinde
648 3503 848 3572 geminationes
867 3522 995 3572 perverse
1012 3506 1056 3558 vel
1075 3506 1186 3572 praeter
1204 3504 1315 3556 solitum

220 3605 367 3669 usurpatas
381 3600 569 3654 antemissas:
582 3601 734 3667 damarum,
748 3599 852 3667 inserit,
865 3601 950 3669 molta,
968 3617 1071 3668 ocursu,
1084 3600 1190 3665 ueniae,-
1209 3599 1315 3667 aediffi-

217 3713 288 3766 care,
315 3696 427 3766 despice,
451 3697 556 3761 littore,
581 3697 721 3750 interdum
741 3697 850 3751 litteras
869 3697 1040 3767 negligentia
1060 3695 1167 3750 librarii
1187 3696 1315 3751 omissas:

214 3809 356 3860 manuam,
377 3791 499 3860 quiquid,
518 3792 588 3846 necit
607 3792 671 3861 (pro
689 3793 793 3860 nescit),
810 3798 953 3860 masupia,
972 3808 1063 3861 seper,·
1083 3792 1129 3846 hic
1150 3793 1207 3847 illic
1226 3812 1317 3847 emen-

217 3887 345 3942 dationes
363 3905 460 3942 manus
484 3887 591 3956 primae
612 3889 655 3943 vel
674 3889 788 3943 alterius
812 3889 960 3942 manifesto
979 3892 1077 3955 rectas,
1104 3892 1136 3942 ut
1153 3890 1174 3958 I,
1201 3889 1236 3945 47
1253 3906 1316 3958 pru·

216 4029 334 4108 situum
352 4034 389 4102 n;
409 4033 442 4104 11,
462 4035 497 4089 95
519 3995 625 4091 iduare
638 4037 676 4105 113
696 4036 746 4105 111,
766 4038 798 4092 er
821 3997 882 4092 abac
900 4039 939 4106 A;
959 4037 1011 4091 172
1028 3996 1165 4108 eiacum
1187 4038 1238 4092 113
1257 4037 1315 4090 uer-

217 4142 285 4246 bosd
296 4181 337 4251 H;
366 4183 486 4251 denique
507 4182 616 4238 litteras
635 4184 755 4253 syllabas
773 4185 858 4240 verba
877 4185 969 4256 primo
989 4185 1099 4248 omissa,
1119 4185 1184 4239 dein
1202 4201 1315 4238 amanu

219 4278 310 4350 prima
329 4279 526 4351 superscripta.
