3054 4886
656 393 691 446 23

125 560 284 642 novimus,
319 559 410 623 cuius
442 559 577 623 nominis
604 558 748 623 homines
773 564 845 640 post
867 557 1059 622 Wernsdorf
1079 557 1163 622 PLM
1185 558 1222 644 V,

125 670 190 733 546
212 689 280 751 sqq.
316 668 452 732 Bursian
478 669 508 732 in
537 666 678 732 editione
708 667 782 731 Iulii
807 667 1017 749 Exuperantii
1042 688 1094 750 pg.
1117 667 1137 730 4
1160 669 1221 732 ool-

125 779 215 861 legit.
259 777 391 842 Praeter
413 776 496 841 bunc
520 777 718 860 scriptorem,
741 793 834 857 quem
859 795 941 839 saec.
964 774 1079 839 IV-V
1101 776 1223 841 vixisse

126 885 304 953 verisimile
326 893 381 961 est,
410 887 455 950 ibi
485 891 710 950 enumerantur
733 884 763 949 S.
785 885 1024 968 Exuperautius
1053 888 1223 969 episcopus

126 997 299 1060 Ravennae
322 1016 350 1059 a.
368 995 545 1068 eso-418,
567 994 598 1058 S.
616 992 854 1074 Exuperantius
871 991 1042 1076 episcopus
1059 993 1224 1060 (lemensis

127 1111 271 1170 mortuus
294 1123 321 1167 c.
345 1123 373 1167 a.
398 1103 474 1181 512,
507 1101 539 1166 S.
564 1100 801 1182 Exuperantius
830 1100 1001 1183 episcopus
1025 1099 1224 1182 Cingulanus

126 1215 158 1278 in
183 1214 316 1286 Piceno;
340 1211 373 1276 S.
397 1208 618 1291 Exuperantia
640 1209 729 1290 virgo
749 1209 860 1274 Trecis
883 1210 915 1273 in
938 1209 1047 1275 Gallia
1072 1210 1223 1291 oriunda3

127 1321 376 1404 ExuperantiuS,
411 1317 504 1382 homo
527 1317 684 1393 militaris,
721 1337 813 1399 quem
837 1317 981 1384 hortatur
1012 1319 1044 1385 S.
1067 1321 1224 1403 Hierony-

127 1452 198 1496 mus
231 1431 320 1513 epist.
344 1429 394 1507 35,
428 1447 510 1510 quae
543 1428 663 1510 scripta
696 1435 745 1492 est
776 1435 848 1511 post
881 1449 908 1493 a.
931 1431 1001 1493 386.
1052 1429 1225 1496 Praeterea

127 1540 270 1605 Rutilius
297 1538 508 1602 Namatianus
537 1537 679 1602 carmine
709 1556 767 1602 suo
794 1558 824 1602 a.
846 1539 908 1602 416
938 1539 1115 1621 composito
1142 1559 1221 1606 com·

128 1654 283 1714 memorat
308 1646 560 1729 Exuperautium
589 1647 795 1711 Aremoricae
823 1648 1032 1730 praefectum,
1065 1649 1121 1731 qui
1145 1670 1224 1714 mor·

127 1766 201 1821 tuus
229 1764 276 1822 est
304 1778 333 1820 a.
356 1756 427 1819 424.
469 1755 618 1837 Denique
647 1755 680 1819 in
713 1756 781 1820 cod.
810 1756 929 1821 Theod.
960 1757 1013 1822 lib.
1037 1758 1111 1822 XIV
1139 1758 1185 1823 tit.
1208 1758 1224 1822 I

127 1868 147 1945 ξ
160 1869 180 1929 4
195 1872 302 1931 exstat
316 1865 500 1930 constitutIo
515 1864 636 1928 Honori
653 1863 729 1930 data
744 1864 787 1930 ad
805 1865 1072 1948 Exsuperantium
1085 1872 1126 1944 (a.
1136 1866 1222 1950 404).

129 1975 188 2040 His
204 1973 629 2057 addaturllxsuperautius,
653 1975 709 2056 qui
729 1974 791 2038 fuit
811 1975 881 2041 eius
898 1975 1056 2056 (Eusebii)
1078 1978 1224 2042 minister

130 2086 162 2149 in
179 2082 367 2160 sacerdotio,
392 2102 497 2148 comes
517 2084 549 2147 in
566 2084 730 2166 martyrio,
755 2084 917 2167 particeps
942 2086 973 2149 in
993 2085 1113 2150 labore‘
1137 2086 1218 2166 (Am-

129 2195 212 2257 bros.
230 2213 322 2258 serm.
341 2192 422 2274 LVI,
437 2191 541 2274 5770).
578 2194 615 2258 Iu
638 2193 771 2272 titulis1)
794 2195 951 2276 reperitur
973 2195 1221 2278 ExuperantiuS,

128 2303 278 2367 sacerdos
309 2302 431 2367 Silvani
465 2302 549 2382 (oie
579 2302 630 2379 VI,
655 2301 740 2384 377).
805 2303 893 2368 Haeo
928 2304 1058 2368 nomina
1090 2325 1222 2388 quorum

130 2409 259 2493 quidem
289 2417 415 2494 tempus
448 2410 601 2476 destinari
618 2417 749 2494 potest,
781 2420 896 2478 cuncta
926 2433 1010 2478 saec.
1034 2414 1085 2478 lV.
1111 2414 1146 2478 V.
1171 2415 1223 2479 Vl.

130 2519 300 2585 tribuenda
333 2527 415 2586 sunt.
464 2522 576 2603 Itaque
604 2522 704 2586 altera
739 2523 795 2586 illa
822 2524 1019 2606 subscriptio
1046 2525 1078 2588 iu
1111 2523 1223 2590 eodem

129 2630 195 2696 fere
220 2637 361 2713 tempore
380 2629 529 2713 ponenda
551 2629 689 2712 videtur,
712 2653 774 2714 quo
792 2633 914 2698 Nicaei.
960 2633 1053 2711 Quod
1077 2635 1104 2699 si
1127 2655 1223 2717 quae·

130 2739 237 2816 rimus„
273 2759 347 2804 num
371 2739 453 2804 alter
475 2740 607 2806 alterius
631 2743 849 2806 recensionem
879 2744 1004 2808 noverit
1026 2742 1072 2808 an'
1091 2750 1224 2825 uterque

130 2851 217 2914 solus
240 2849 329 2914 nulla
349 2850 482 2914 alterius
506 2870 605 2933 opera
628 2851 756 2916 adiutus
778 2872 890 2917 munus
913 2852 1095 2935 corrigendi
1118 2873 1222 2918 susce-

131 2959 222 3041 perit,
244 2958 349 3023 facere
371 2980 434 3025 uon
457 2980 638 3043 possumus,
661 2981 732 3026 cum
751 2961 853 3026 codex
867 2961 905 3038 H,
929 2963 983 3043 qui
1007 2963 1224 3027 recensionem

132 3066 381 3150 Epioarpiauam
404 3078 632 3150 repraesentat,
656 3091 727 3136 oum
751 3071 777 3134 L
796 3077 827 3136 et
844 3072 880 3146 R,
905 3073 959 3153 qui
974 3071 1087 3136 Nicaei
1110 3091 1224 3136 nomen

133 3195 209 3258 prae
231 3195 265 3240 se
289 3176 404 3258 ferunt,
432 3181 591 3244 sexcentis
613 3175 693 3246 lodis
717 3187 827 3246 contra
849 3187 970 3246 textum
993 3181 1168 3264 genuinum
1192 3181 1224 3244 in

130 3285 156 3347 P
185 3282 337 3348 traditum
368 3287 548 3363 concordet,
585 3291 663 3371 quin
690 3291 823 3355 alterius
857 3292 1075 3356 recensionem
1107 3292 1224 3356 factam

132 3414 202 3460 esse
232 3401 399 3486 assumpta
426 3395 528 3459 altera
558 3397 757 3461 arbitremur.
802 3398 851 3462 Ex
882 3398 990 3463 verbis
1017 3406 1122 3463 autem
1152 3398 1225 3462 sub·

131 3503 314 3586 scriptionis
338 3503 415 3566 mibi
440 3503 567 3585 quidem
596 3506 700 3587 magis
722 3506 890 3589 probabile
912 3506 947 3572 fit
969 3507 1134 3587 Nicaeum,
1170 3506 1225 3589 qui

228 3725 256 3791 1)
274 3724 533 3794 Exsuperantianus
554 3724 612 3778 011.
631 3725 680 3791 III,
695 3726 772 3793 1096,
787 3726 856 3780 1154
875 3725 1051 3794 Exsuperans
1065 3725 1138 3794 VIII,
1156 3725 1226 3780 1956

131 3819 291 3888 Exuperata
309 3822 345 3889 Il,
365 3823 443 3891 5031,
462 3821 507 3883 IV,
533 3822 589 3876 126.
611 3822 769 3890 Exuperius
787 3823 841 3876 ·ria
860 3823 908 3890 Ill,
929 3824 1006 3892 1753,
1029 3824 1118 3877 rebec
1137 3822 1182 3890 (ex
1201 3841 1225 3876 a.

130 3917 193 3985 320)
212 3916 291 3978 5412,
316 3919 393 3988 6292,
419 3920 463 3988 (V,
481 3920 569 3980 6132),
596 3918 643 3980 IX,
662 3920 731 3974 4851
739 3939 763 3980 a,
783 3920 861 3988 5915,
887 3920 920 3979 Χ,
939 3921 1018 3975 4615.
1053 3921 1224 3991 Exsuperius

131 4013 208 4066 miles
232 4014 315 4082 apud.
335 4015 425 4068 dmm.
447 4016 532 4070 Marc.
552 4016 650 4083 XXIV,
670 4017 695 4082 4,
718 4018 752 4070 23
773 4018 819 4085 (ex
838 4036 862 4070 a.
882 4018 957 4085 363);
986 4018 1082 4072 rhetor
1101 4017 1225 4088 Tolosae,

131 4113 295 4179 praeceptor
315 4111 449 4202 Dalmatii
467 4117 496 4166 et
514 4113 722 4180 Hannibaliani,
742 4115 790 4180 qui
809 4133 833 4168 a.
846 4115 899 4169 335
919 4115 1047 4170 Caesares
1066 4114 1134 4168 fecti
1152 4119 1225 4182 sunt

132 4206 205 4276 apud
226 4208 330 4262 Aeson.
349 4206 423 4276 XVI,
444 4209 477 4262 18
499 4207 574 4278 Sch.;
595 4211 740 4280 episcopus
760 4211 876 4265 Tolosae
899 4213 973 4283 apud
993 4211 1139 4265 Paulinum
1163 4210 1225 4266 Nol.

132 4303 210 4372 epist.
232 4302 355 4372 XLVIII,
375 4304 522 4375 presbyter
539 4306 606 4362 ibid.
626 4324 669 4377 ep.
688 4307 750 4374 XII,
771 4308 813 4362 12.
