3054 4886
842 332 877 392 28

311 506 446 594 ptamur,
469 505 525 573 nbi
548 526 671 573 summu
693 507 842 572 cautione
864 527 945 591 opus
969 515 1028 589 est,
1050 529 1090 576 ne
1113 527 1281 594 perperam
1303 529 1410 593 gram-

313 617 429 683 matieo
455 617 632 682 tribuamus
658 615 743 696 quod
766 615 891 680 librarii
924 624 987 696 est3
1019 637 1094 682 nam
1118 620 1245 685 scribae
1270 640 1411 702 quoque,

312 727 377 810 qui,
401 733 434 791 ut
455 725 563 790 vorbis
586 723 775 807 Hieronymi
799 731 879 797 utar,
911 726 1063 801 ,scribunt
1089 748 1152 791 non
1176 729 1262 810 quod
1286 729 1412 793 inveni·

311 843 378 911 unt,
401 835 460 901 sed
474 834 559 917 quod
575 833 775 916 intellegunt,
798 841 830 899 et
852 833 927 900 dum
950 836 1073 900 alienus
1096 855 1220 902 errores
1237 838 1412 903 emendare

312 947 463 1023 nituntur,
486 943 659 1009 ostendunt
676 941 772 1026 suos‘,
796 963 860 1008 non
881 964 953 1008 raro
976 943 1040 1026 ipsi
1063 945 1258 1010 mutationes
1282 947 1411 1012 invexe-

311 1062 393 1120 runt.
429 1053 685 1118 Praetermittom
707 1052 768 1118 hoc
790 1054 862 1118 Ioco
879 1053 996 1118 calami
1019 1052 1136 1118 menda
1150 1055 1411 1139 mutationesque

311 1184 375 1228 non
397 1162 507 1246 magni
528 1163 688 1246 momenti,
720 1170 755 1228 ut
778 1169 957 1246 temporum
981 1161 1208 1244 modorumque
1231 1169 1288 1226 aut
1309 1165 1412 1228 verba

312 1271 518 1355 transposita,
540 1273 706 1354 grovi0res
728 1277 851 1336 tantum
873 1273 1110 1356 discrepantias
1134 1271 1266 1354 attingo.

411 1380 609 1458 Lectionum,
633 1400 716 1462 quae
740 1381 772 1444 in
790 1401 854 1446 una
878 1388 1001 1446 tantum
1024 1401 1064 1446 ex
1081 1383 1199 1447 nostris
1216 1379 1409 1446 membranis

311 1489 487 1568 traduntur,
524 1487 638 1554 Nicaei
666 1507 737 1554 esse
765 1495 842 1572 puto
869 1490 1024 1572 plurimas
1054 1510 1180 1571 eurum,
1215 1511 1299 1573 quae
1328 1495 1411 1554 teste
1488 1501 1489 1526 ¹

311 1598 425 1666 Iabnio
454 1601 551 1664 etiam
580 1599 612 1662 in
646 1598 719 1663 aliis
747 1598 839 1664 libris
862 1595 1057 1681 leguntur1):
1091 1599 1133 1680 II,
1156 1600 1195 1662 57
1219 1601 1332 1663 cortice
1355 1598 1410 1679 IV,

311 1710 352 1773 98
373 1711 538 1791 pipeutum
561 1708 598 1780 V,
620 1710 659 1772 41
683 1709 799 1773 amieos
820 1707 874 1784 Vl,
897 1708 957 1771 491
979 1707 1155 1788 strictisque
1177 1707 1239 1771 658
1261 1705 1317 1770 sub
1340 1728 1413 1770 aere

313 1818 383 1901 VII,
407 1819 446 1881 60
473 1837 568 1882 saeuo
595 1817 635 1895 X,
670 1817 709 1880 70
736 1816 866 1882 iudiciis
896 1817 955 1880 153
982 1816 1108 1881 diducit
1139 1815 1198 1880 198
1226 1813 1317 1881 19199
1348 1814 1408 1878 341

312 1947 405 1992 aures
426 1927 500 2006 XII,
519 1927 538 1990 3
560 1925 717 1990 caedimus
739 1924 810 2001 XV,
833 1926 870 1988 61
896 1925 1041 2007 Senaque
1063 1926 1128 1989 taur
1153 1925 1212 1989 196
1233 1929 1410 1990 ueseautur.

412 2037 547 2100 Restant
569 2036 603 2100 in
623 2034 649 2097 L
672 2034 755 2119 (sive
779 2032 818 2112 It:
850 2036 875 2107 Ι,
894 2036 931 2099 18
951 2036 1111 2117 ipuoseere
1129 2035 1188 2115 III,
1204 2036 1266 2099 228
1289 2038 1413 2099 amator

313 2144 368 2227 IV,
398 2144 439 2208 94
465 2145 586 2209 excussi
614 2145 672 2209 137
700 2150 839 2208 uentrem
871 2146 928 2208 141
950 2149 1051 2224 ponto
1080 2144 1135 2217 VI,
1166 2143 1208 2205 44
1232 2145 1413 2222 periturum
1489 2149 1490 2230 1

315 2254 374 2318 198
396 2259 424 2318 91
446 2254 535 2318 dicus
556 2255 617 2318 365
640 2259 742 2334 repeto
765 2255 827 2317 408
845 2253 1023 2334 seruamque
1044 2252 1106 2315 413
1121 2249 1177 2315 boe
1191 2251 1254 2314 446
1272 2251 1412 2314 turcicum
1489 2239 1490 2268 ³

312 2363 375 2427 449
397 2368 532 2428 rotatum
554 2364 615 2427 455
637 2382 730 2428 socru
752 2363 843 2445 VIII,
867 2362 927 2427 195
949 2361 1073 2440 1119911,
1092 2361 1151 2425 189
1174 2359 1258 2425 ottus
1280 2359 1411 2424 caetum-

313 2493 370 2555 que
391 2478 480 2536 turus
503 2472 563 2538 198
585 2473 683 2538 uerba
704 2472 766 2536 269
786 2478 880 2554 caput
904 2472 966 2536 359
990 2471 1112 2537 dotores
1134 2471 1208 2552 XII,
1224 2470 1266 2534 94
1286 2468 1413 2533 metiore
1490 2483 1491 2542 3

317 2583 374 2648 107
396 2585 515 2648 seruire
541 2583 627 2660 XIV,
652 2583 691 2647 73
719 2589 850 2665 tuusque
876 2583 1045 2665 quibusque
1071 2582 1131 2645 229
1156 2579 1303 2662 fraudem
1325 2576 1411 2654 XVI,
1490 2551 1491 2622 Ῠ

318 2694 354 2756 19
376 2692 529 2772 offendere
550 2693 591 2756 38
612 2711 714 2757 sucro.

415 2802 446 2867 in
468 2802 496 2866 A
519 2799 602 2882 (sive
623 2799 672 2884 a):
708 2801 761 2883 111,
784 2803 847 2865 993
870 2801 975 2866 deluto
998 2799 1070 2882 VII,
1094 2802 1113 2860 5
1134 2817 1203 2860 euru
1227 2796 1285 2859 191
1315 2792 1412 2857 mutto

314 2912 403 2992 Vlll,
425 2911 464 2974 89
487 2916 515 2974 91
537 2911 682 2974 miserere
709 2911 771 2973 249
802 2911 906 2973 iussus
928 2907 984 2986 IX,
1006 2907 1046 2969 47
1075 2923 1209 2985 certoque
1234 2905 1275 2966 82
1292 2901 1413 2983 perfide

315 3043 414 3088 auare
430 3023 489 3084 148
508 3020 671 3101 fortuuuru
692 3026 822 3083 uocatur
847 3019 906 3081 159
928 3017 1012 3082 uudo
1027 3015 1065 3095 X,
1085 3016 1144 3079 127
1167 3015 1232 3079 iaru
1253 3013 1413 3077 miruutur

317 3133 376 3197 roo
405 3128 657 3207 99999919,
686 3128 726 3190 os
755 3126 839 3191 seru
861 3125 921 3190 stur
943 3124 1020 3209 nn,
1052 3125 1093 3189 99
1116 3123 1209 3189 usus
1229 3121 1321 3203 nni,
1352 3121 1412 3182 rso
1490 3097 1491 3124 ¹

316 3247 344 3307 et
370 3243 488 3306 maiore
511 3240 571 3304 144
600 3237 686 3319 defer
719 3237 780 3301 194
809 3236 967 3301 91999991
1002 3235 1062 3299 174
1087 3235 1247 3317 99119999
1274 3230 1343 3307 XV,
1372 3229 1411 3288 25

313 3352 519 3434 produceret.

417 3463 450 3526 in
472 3461 515 3525 H:
540 3458 593 3542 lV,
617 3458 656 3522 19
675 3456 782 3523 tabula
797 3457 834 3534 V,
859 3456 898 3520 37
921 3457 955 3520 19
975 3456 1136 3521 9919111199
1150 3455 1204 3533 VI,
1223 3447 1281 3513 157
1304 3445 1412 3528 dipitr's

316 3572 407 3646 XIII,
430 3573 470 3636 38
492 3568 641 3635 uebebuut
663 3567 750 3647 XIV,
777 3569 837 3632 133
856 3567 964 3648 festiur'
986 3565 1057 3648 XV,
1080 3561 1231 3629 2491199.

416 3681 450 3745 n
473 3680 544 3744 su:
579 3680 633 3761 vr,
654 3680 714 3743 521
745 3677 983 3762 99999111,
1013 3676 1072 3740 194
1100 3668 1206 3734 murus
1236 3667 1321 3749 xlv,
1351 3667 1411 3730 244
1487 3633 1491 3780 t

323 3849 521 3861 -——-

418 3967 447 4036 1)
466 3964 567 4019 Η9919
586 3981 616 4018 re
629 3982 797 4032 quamquam
816 3959 984 4015 mutationes
997 3954 1110 4009 eaedem
1126 3972 1159 4009 ex
1179 3954 1247 4009 vitio
1261 3950 1411 4008 communis

319 4064 404 4120 fontis
423 4066 501 4118 ortae
519 4078 577 4116 esso
595 4065 718 4130 possunt,
743 4057 828 4128 (quod
847 4052 979 4110 eccidisse
1004 4056 1073 4121 puto
1092 4051 1114 4120 Ι,
1133 4052 1167 4106 83
1186 4050 1295 4104 audurus
1313 4048 1359 4116 IV,
1380 4045 1412 4098 54

319 4180 351 4219 99
369 4178 485 4233 aequore
502 4166 557 4216 toto
577 4164 616 4214 est
634 4159 668 4214 78
687 4171 801 4226 quorum
818 4153 861 4208 bic
881 4152 926 4220 VI,
945 4151 997 4205 238
1016 4150 1098 4204 discit
1117 4149 1164 4218 91.)
1189 4153 1282 4203 tumen
1302 4143 1409 4214 longius

318 4261 452 4333 progredi
472 4277 555 4330 quam
574 4256 703 4314 cancellis
721 4254 803 4308 nimis
822 4251 906 4308 anxie
925 4249 1049 4305 coerceri
1067 4247 1161 4302 malui.
1489 4311 1491 4346 1

1482 4349 1491 4832 1
